
@ARTICLE{Donohue2013,
  title    = "On the dimensionality of ecological stability",
  author   = "Donohue, Ian and Petchey, Owen L and Montoya, Jos{\'e} M and
              Jackson, Andrew L and McNally, Luke and Viana, Mafalda and Healy,
              Kevin and Lurgi, Miguel and O'Connor, Nessa E and Emmerson, Mark
              C",
  journal  = "Ecology Letters",
  volume   =  16,
  number   =  4,
  pages    = "421--429",
  month    =  apr,
  year     =  2013,
  language = "en"
}

@Manual{Mathematica,
  author = {{Wolfram Research Inc.}},
  title = {Mathematica, {V}ersion 11.0},
  year = {2018},
  address = {Champaign, IL}
}

@Manual{R,
    title = {R: A Language and Environment for Statistical Computing},
    author = {{R Core Team}},
    organization = {R Foundation for Statistical Computing},
    address = {Vienna, Austria},
    year = {2018},
    url = {https://www.R-project.org/},
  }

@ARTICLE{Connell1980,
  title     = "Diversity and the Coevolution of Competitors, or the Ghost of
               Competition Past",
  author    = "Connell, Joseph H",
  journal   = "Oikos",
  publisher = "[Nordic Society Oikos, Wiley]",
  volume    =  35,
  number    =  2,
  pages     = "131--138",
  year      =  1980
}


@ARTICLE{Volterra1926,
  title     = "Fluctuations in the Abundance of a Species considered
               Mathematically",
  author    = "Volterra, Vito",
  journal   = "Nature",
  publisher = "Nature Publishing Group",
  volume    =  118,
  pages     = "558",
  month     =  oct,
  year      =  1926
}


@BOOK{Lotka1925,
  title     = "Elements of Physical Biology",
  author    = "Lotka, Alfred James",
  publisher = "Williams \& Wilkins Company",
  address = "Baltimore",
  year      =  1925,
  language  = "en"
}


@ARTICLE{Gellner2016NatComm,
  title    = "Consistent role of weak and strong interactions in high- and
              low-diversity trophic food webs",
  author   = "Gellner, Gabriel and McCann, Kevin S",
  journal  = "Nature Communications",
  volume   =  7,
  pages    = "11180",
  month    =  apr,
  year     =  2016,
  language = "en"
}

@ARTICLE{Gellner2016TheorEcol,
  title   = "The duality of stability: towards a stochastic theory of species
             interactions",
  author  = "Gellner, Gabriel and McCann, Kevin S and Hastings, Alan",
  journal = "Theoretical Ecology",
  volume  =  9,
  number  =  4,
  pages   = "477--485",
  month   =  dec,
  year    =  2016
}




@ARTICLE{Hairston2005,
  title   = "Rapid evolution and the convergence of ecological and evolutionary time",
  author  = "Hairston, Jr, Nelson G and Ellner, Stephen P and Geber, Monica A
             and Yoshida, Takehito and Fox, Jennifer A",
  journal = "Ecology Letters",
  volume  =  8,
  number  =  10,
  pages   = "1114--1127",
  month   =  oct,
  year    =  2005
}


@ARTICLE{Armstrong1976-gv,
  title    = "Coexistence of two competitors on one resource",
  author   = "Armstrong, R A and McGehee, R",
  journal  = "Journal of Theoretical Biology",
  volume   =  56,
  number   =  2,
  pages    = "499--502",
  month    =  feb,
  year     =  1976,
  language = "en"
}

@ARTICLE{Armstrong1976-pm,
  title    = "Coexistence of species competing for shared resources",
  author   = "Armstrong, R A and McGehee, R",
  journal  = "Theoretical Population Biology",
  volume   =  9,
  number   =  3,
  pages    = "317--328",
  month    =  jun,
  year     =  1976,
  language = "en"
}


@ARTICLE{Harmon2009,
  title    = "Evolutionary diversification in stickleback affects ecosystem
              functioning",
  author   = "Harmon, Luke J and Matthews, Blake and Des Roches, Simone and
              Chase, Jonathan M and Shurin, Jonathan B and Schluter, Dolph",
  journal  = "Nature",
  volume   =  458,
  number   =  7242,
  pages    = "1167--1170",
  month    =  apr,
  year     =  2009,
  language = "en"
}


@ARTICLE{Abrams2002-jn,
  title   = "The Impact of {Consumer--Resource} Cycles on the Coexistence of
             Competing Consumers",
  author  = "Abrams, Peter A and Holt, Robert D",
  journal = "Theoretical Population Biology",
  volume  =  62,
  number  =  3,
  pages   = "281--295",
  month   =  nov,
  year    =  2002
}


@ARTICLE{Holt1984,
  title    = "Spatial Heterogeneity, Indirect Interactions, and the Coexistence
              of Prey Species",
  author   = "Holt, Robert D",
  journal  = "American Naturalist",
  volume   =  124,
  number   =  3,
  pages    = "377--406",
  month    =  sep,
  year     =  1984,
  language = "en"
}



@ARTICLE{Taylor2006,
  title    = "Speciation in reverse: {Morphological} and genetic evidence of the
              collapse of a three-spined stickleback ({Gasterosteus aculeatus})
              species pair",
  author   = "Taylor, E B and Boughman, J W and Groenenboom, M and Sniatynski,
              M and Schluter, D and Gow, J L",
  journal  = "Molecular Ecology",
  volume   =  15,
  number   =  2,
  pages    = "343--355",
  month    =  feb,
  year     =  2006,
  language = "en"
}


@ARTICLE{Hatfield2001,
  title   = "Status of the stickleback species pair, {Gasterosteus spp.}, in
             {Hadley Lake}, {Lasqueti Island}, {British Columbia}",
  author  = "Hatfield, Todd",
  journal = "Canadian Field Naturalist",
  volume  =  115,
  number  =  4,
  pages   = "579--583",
  year    =  2001
}



@ARTICLE{Feulner2018,
  title    = "Genomic insights into the vulnerability of sympatric whitefish
              species flocks",
  author   = "Feulner, Philine G D and Seehausen, Ole",
  journal  = "Molecular Ecology",
  volume   =  28,
  number   =  3,
  pages    = "615--629",
  month    =  feb,
  year     =  2019,
  language = "en"
}

@ARTICLE{Chesson2000,
  title     = "Mechanisms of Maintenance of Species Diversity",
  author    = "Chesson, Peter",
  journal   = "Annual Review of Ecology and Systematics",
  publisher = "Annual Reviews",
  volume    =  31,
  pages     = "343--366",
  year      =  2000
}


@ARTICLE{Luckinbill1973,
  title   = "Coexistence in Laboratory Populations of {Paramecium aurelia} and
             Its Predator {Didinium nasutum}",
  author  = "Luckinbill, Leo S",
  journal = "Ecology",
  volume  =  54,
  number  =  6,
  pages   = "1320--1327",
  month   =  nov,
  year    =  1973
}


@ARTICLE{McPeek2019,
  title     = "Limiting Similarity? {The} Ecological Dynamics of Natural
               Selection among Resources and Consumers Caused by Both Apparent
               and Resource Competition",
  author    = "McPeek, Mark A",
  journal   = "American Naturalist",
  publisher = "The University of Chicago Press",
  volume    =  193,
  number    =  4,
  pages     = "E92--E115",
  month     =  apr,
  year      =  2019,
  language  = "en"
}


@ARTICLE{McPeek2019Neutral,
  title    = "Disentangling ecologically equivalent from neutral species: The
              mechanisms of population regulation matter",
  author   = "McPeek, Mark A and Siepielski, Adam M",
  journal  = "Journal of Animal Ecology",
  volume   =  88,
  number   =  11,
  pages    = "1755--1765",
  month    =  nov,
  year     =  2019,
  language = "en"
}


@ARTICLE{Des_Roches2018,
  title    = "The ecological importance of intraspecific variation",
  author   = "Des Roches, Simone and Post, David M and Turley, Nash E and
              Bailey, Joseph K and Hendry, Andrew P and Kinnison, Michael T and
              Schweitzer, Jennifer A and Palkovacs, Eric P",
  journal  = "Nature Ecology and Evolution",
  volume   =  2,
  number   =  1,
  pages    = "57--64",
  month    =  jan,
  year     =  2018,
  language = "en"
}


@ARTICLE{Bolnick2011,
  title    = "Why intraspecific trait variation matters in community ecology",
  author   = "Bolnick, Daniel I and Amarasekare, Priyanga and Ara{\'u}jo,
              M{\'a}rcio S and B{\"u}rger, Reinhard and Levine, Jonathan M and
              Novak, Mark and Rudolf, Volker H W and Schreiber, Sebastian J and
              Urban, Mark C and Vasseur, David A",
  journal  = "Trends in Ecology and Evolution",
  volume   =  26,
  number   =  4,
  pages    = "183--192",
  month    =  apr,
  year     =  2011,
  language = "en"
}


@ARTICLE{Rudman2016,
  title    = "Ecological Impacts of Reverse Speciation in Threespine
              Stickleback",
  author   = "Rudman, Seth M and Schluter, Dolph",
  journal  = "Current Biology",
  volume   =  26,
  number   =  4,
  pages    = "490--495",
  month    =  feb,
  year     =  2016,
  language = "en"
}

@BOOK{May1973,
  title     = "Stability and complexity in model ecosystems",
  author    = "May, Robert M",
  publisher = "Princeton University Press",
  pages     = "1--235",
  year      =  1973,
  address = "Princeton",
  language  = "en"
}
  volume    =  6,

@ARTICLE{Schluter1985,
  title    = "Ecological Character Displacement in {Darwin's} Finches",
  author   = "Schluter, D and Price, T D and Grant, P R",
  journal  = "Science",
  volume   =  227,
  number   =  4690,
  pages    = "1056--1059",
  month    =  mar,
  year     =  1985,
  language = "en"
}


@BOOK{Hendry2016,
  title     = "Eco-evolutionary Dynamics",
  author    = "Hendry, Andrew P",
  publisher = "Princeton University Press",
  month     =  nov,
  year      =  2016,
  address = "Princeton",
  language  = "en"
}


@ARTICLE{Holling1959,
  title     = "Some Characteristics of Simple Types of Predation and Parasitism",
  author    = "Holling, C S",
  journal   = "Canadian Entomologist",
  publisher = "Cambridge University Press",
  volume    =  91,
  number    =  7,
  pages     = "385--398",
  month     =  jul,
  year      =  1959
}

@ARTICLE{Abrams1987,
  title     = "Alternative Models of Character Displacement and Niche Shift. I.
               Adaptive Shifts in Resource Use When There is Competition for
               Nutritionally Nonsubstitutable Resources",
  author    = "Abrams, Peter A",
  journal   = "Evolution",
  publisher = "[Society for the Study of Evolution, Wiley]",
  volume    =  41,
  number    =  3,
  pages     = "651--661",
  year      =  1987
}

@ARTICLE{Borrelli2015a,
  title   = "Selection against instability: stable subgraphs are most frequent
             in empirical food webs",
  author  = "Borrelli, Jonathan J",
  journal = "Oikos",
  volume  =  124,
  number  =  12,
  pages   = "1583--1588",
  month   =  dec,
  year    =  2015
}

@BOOK{McPeek2017,
  title     = "Evolutionary Community Ecology",
  author    = "McPeek, Mark A",
  publisher = "Princeton University Press",
  address = "Princeton",
  year      =  2017
}

@ARTICLE{Smith1973,
  title     = "The Logic of Animal Conflict",
  author    = "Smith, J Maynard and Price, G R",
  journal   = "Nature",
  publisher = "Nature Publishing Group",
  volume    =  246,
  pages     = "15",
  month     =  nov,
  year      =  1973
}

@ARTICLE{Rip2011,
  title    = "Cross-ecosystem differences in stability and the principle of
              energy flux",
  author   = "Rip, J M K and McCann, K S",
  journal  = "Ecology Letters",
  volume   =  14,
  number   =  8,
  pages    = "733--740",
  month    =  aug,
  year     =  2011,
  language = "en"
}

@ARTICLE{Germain2018,
  title    = "Moving Character Displacement beyond Characters Using
              Contemporary Coexistence Theory",
  author   = "Germain, Rachel M and Williams, Jennifer L and Schluter, Dolph
              and Angert, Amy L",
  journal  = "Trends in Ecology and Evolution",
  volume   =  33,
  number   =  2,
  pages    = "74--84",
  month    =  feb,
  year     =  2018,
  language = "en"
}

@ARTICLE{Schluter1992,
  title    = "Ecological character displacement and speciation in sticklebacks",
  author   = "Schluter, D and McPhail, J D",
  journal  = "American Naturalist",
  volume   =  140,
  number   =  1,
  pages    = "85--108",
  month    =  jul,
  year     =  1992,
  language = "en"
}

@ARTICLE{Bassar2017,
  title    = "The evolution of coexistence: Reciprocal adaptation promotes the
              assembly of a simple community",
  author   = "Bassar, Ronald D and Simon, Troy and Roberts, William and Travis,
              Joseph and Reznick, David N",
  journal  = "Evolution",
  volume   =  71,
  number   =  2,
  pages    = "373--385",
  month    =  feb,
  year     =  2017,
  language = "en"
}

@ARTICLE{Sargent2006,
  title    = "The role of local species abundance in the evolution of
              pollinator attraction in flowering plants",
  author   = "Sargent, Risa D and Otto, Sarah P",
  journal  = "American Naturalist",
  volume   =  167,
  number   =  1,
  pages    = "67--80",
  month    =  jan,
  year     =  2006,
  language = "en"
}


@ARTICLE{Abrams2019,
  title    = "How Does the Evolution of Universal Ecological Traits Affect
              Population Size? Lessons from Simple Models",
  author   = "Abrams, Peter A",
  journal  = "American Naturalist",
  volume   =  193,
  number   =  6,
  pages    = "814--829",
  month    =  jun,
  year     =  2019,
  language = "en"
}


@BOOK{Otto2007,
  title     = "A Biologist's Guide to Mathematical Modeling in Ecology and
               Evolution",
  author    = "Otto, Sarah P and Day, Troy",
  publisher = "Princeton University Press",
  address = "Princeton",
  month     =  mar,
  year      =  2007,
  language  = "en"
}

@ARTICLE{Stuart2013,
  title    = "Ecological character displacement: {Glass} half full or half empty?",
  author   = "Stuart, Yoel E and Losos, Jonathan B",
  journal  = "Trends in Ecology and Evolution",
  volume   =  28,
  number   =  7,
  pages    = "402--408",
  month    =  jul,
  year     =  2013,
  language = "en"
}

@BOOK{McCann2011,
  title     = "Food Webs",
  author    = "McCann, Kevin S",
  publisher = "Princeton University Press",
  address = "Princeton",
  month     =  nov,
  year      =  2011
}
  volume    =  50,

@BOOK{Murdoch2003,
  title     = "Consumer-resource Dynamics",
  author    = "Murdoch, W W and Briggs, C J and Nisbet, R M",
  publisher = "Princeton University Press",
  address = "Princeton",
  year      =  2003
}


@ARTICLE{Schreiber2011,
  title    = "The community effects of phenotypic and genetic variation within
              a predator population",
  author   = "Schreiber, Sebastian J and B{\"u}rger, Reinhard and Bolnick,
              Daniel I",
  journal  = "Ecology",
  volume   =  92,
  number   =  8,
  pages    = "1582--1593",
  month    =  aug,
  year     =  2011,
  language = "en"
}


@ARTICLE{Ormond2011,
  title     = "Environmental determinants of threespine stickleback species
               pair evolution and persistence",
  author    = "Ormond, Chad I and Rosenfeld, Jordan S and Taylor, Eric B",
  journal   = "Canadian Journal Fish. Aquat. Sci.",
  publisher = "NRC Research Press",
  volume    =  68,
  number    =  11,
  pages     = "1983--1997",
  month     =  nov,
  year      =  2011,
  annote    = "doi: 10.1139/f2011-113"
}



@ARTICLE{Taper1985,
  title     = "Quantitative Genetic Models for the Coevolution of Character
               Displacement",
  author    = "Taper, Mark L and Case, Ted J",
  journal   = "Ecology",
  publisher = "Ecological Society of America",
  volume    =  66,
  number    =  2,
  pages     = "355--371",
  month     =  apr,
  year      =  1985
}

@ARTICLE{Doebeli1996,
  title     = "An Explicit Genetic Model for Ecological Character Displacement",
  author    = "Doebeli, Michael",
  journal   = "Ecology",
  publisher = "Ecological Society of America",
  volume    =  77,
  number    =  2,
  pages     = "510--520",
  month     =  mar,
  year      =  1996
}

@ARTICLE{Arnegard2014,
  title    = "Genetics of ecological divergence during speciation",
  author   = "Arnegard, Matthew E and McGee, Matthew D and Matthews, Blake and
              Marchinko, Kerry B and Conte, Gina L and Kabir, Sahriar and
              others",
  journal  = "Nature",
  volume   =  511,
  number   =  7509,
  pages    = "307--311",
  month    =  jul,
  year     =  2014,
  language = "en"
}

@BOOK{MacArthur1972,
  title     = "Geographical Ecology: Patterns in the Distribution of Species",
  author    = "MacArthur, R H",
  publisher = "Princeton University Press",
  address = "Princeton",
  year      =  1972
}

@ARTICLE{Ives2003,
  title   = "Estimating community stability and ecological interactions from
             time-series data",
  author  = "Ives, A R and Dennis, B and Cottingham, K L and Carpenter, S R",
  journal = "Ecological Monographs",
  volume  =  73,
  number  =  2,
  pages   = "301--330",
  year    =  2003
}

@ARTICLE{Schluter2000,
  title   = "Ecological Character Displacement in Adaptive Radiation",
  author  = "Schluter, Dolph",
  journal = "American Naturalist",
  volume  =  156,
  number  = "S4",
  pages   = "S4--S16",
  year    =  2000
}

@ARTICLE{Rosenzweig1963,
  title     = "Graphical Representation and Stability Conditions of
               Predator-Prey Interactions",
  author    = "Rosenzweig, M L and MacArthur, R H",
  journal   = "American Naturalist",
  publisher = "[University of Chicago Press, American Society of Naturalists]",
  volume    =  97,
  number    =  895,
  pages     = "209--223",
  year      =  1963
}


@ARTICLE{Pfennig2010,
  title    = "Character displacement and the origins of diversity",
  author   = "Pfennig, David W and Pfennig, Karin S",
  journal  = "American Naturalist",
  volume   =  176,
  number   = "S1",
  pages    = "S26--44",
  month    =  dec,
  year     =  2010,
  language = "en"
}


@ARTICLE{Murdoch2002,
  title    = "Single-species models for many-species food webs",
  author   = "Murdoch, W W and Kendall, B E and Nisbet, R M and Briggs, C J and
              McCauley, E and Bolser, R",
  journal  = "Nature",
  volume   =  417,
  number   =  6888,
  pages    = "541--543",
  month    =  may,
  year     =  2002,
  language = "en"
}

@ARTICLE{McCann2005,
  title     = "The dynamics of spatially coupled food webs",
  author    = "McCann, K S and Rasmussen, J B and Umbanhowar, J",
  journal   = "Ecology Letters",
  publisher = "Blackwell Science Ltd",
  volume    =  8,
  number    =  5,
  pages     = "513--523",
  month     =  may,
  year      =  2005
}

@ARTICLE{Fox2008,
  title    = "Character convergence under competition for nutritionally
              essential resources",
  author   = "Fox, Jeremy W and Vasseur, David A",
  journal  = "American Naturalist",
  volume   =  172,
  number   =  5,
  pages    = "667--680",
  month    =  nov,
  year     =  2008,
  language = "en"
}

@ARTICLE{Dayan2005,
  title     = "Ecological and community-wide character displacement: the next
               generation",
  author    = "Dayan, Tamar and Simberloff, Daniel",
  journal   = "Ecology Letters",
  publisher = "Blackwell Science Ltd",
  volume    =  8,
  number    =  8,
  pages     = "875--894",
  month     =  aug,
  year      =  2005
}

@ARTICLE{Abrams1986,
  title    = "Character displacement and niche shift analyzed using
              consumer-resource models of competition",
  author   = "Abrams, P A",
  journal  = "Theoretical Population Biology",
  volume   =  29,
  number   =  1,
  pages    = "107--160",
  month    =  feb,
  year     =  1986,
  language = "en"
}


@ARTICLE{Chesson2008,
  title    = "The interaction between predation and competition",
  author   = "Chesson, Peter and Kuang, Jessica J",
  journal  = "Nature",
  volume   =  456,
  number   =  7219,
  pages    = "235--238",
  month    =  nov,
  year     =  2008,
  language = "en"
}


@ARTICLE{Rosenzweig1971,
  title    = "Paradox of enrichment: {Destabilization} of exploitation ecosystems
              in ecological time",
  author   = "Rosenzweig, M L",
  journal  = "Science",
  volume   =  171,
  number   =  3969,
  pages    = "385--387",
  month    =  jan,
  year     =  1971,
  language = "en"
}

@ARTICLE{Lawlor1976,
  title     = "The Coevolution and Stability of Competing Species",
  author    = "Lawlor, Lawrence R and Smith, J Maynard",
  journal   = "American Naturalist",
  publisher = "[University of Chicago Press, American Society of Naturalists]",
  volume    =  110,
  number    =  971,
  pages     = "79--99",
  year      =  1976
}

@ARTICLE{Borrelli2015b,
  title    = "Selection on stability across ecological scales",
  author   = "Borrelli, Jonathan J and Allesina, Stefano and Amarasekare,
              Priyanga and Arditi, Roger and Chase, Ivan and Damuth, John and others",
  journal  = "Trends in Ecology and Evolution",
  volume   =  30,
  number   =  7,
  pages    = "417--425",
  month    =  jul,
  year     =  2015,
  language = "en"
}

@ARTICLE{Donohue2016,
  title    = "Navigating the complexity of ecological stability",
  author   = "Donohue, Ian and Hillebrand, Helmut and Montoya, Jos{\'e} M and
              Petchey, Owen L and Pimm, Stuart L and Fowler, Mike S and Healy,
              Kevin and Jackson, Andrew L and Lurgi, Miguel and McClean,
              Deirdre and O'Connor, Nessa E and O'Gorman, Eoin J and Yang,
              Qiang",
  journal  = "Ecology Letters",
  month    =  jul,
  year     =  2016,
  language = "en"
}
